@article{Ollitrault:1992bk,
      author         = "Ollitrault, Jean-Yves",
      title          = "{Anisotropy as a signature of transverse collective
                        flow}",
      journal        = "Phys. Rev.",
      volume         = "D46",
      year           = "1992",
      pages          = "229-245",
      doi            = "10.1103/PhysRevD.46.229",
      reportNumber   = "SACLAY-SPH-T-92-016",
      SLACcitation   = "%%CITATION = PHRVA,D46,229;%%"
}

@article{Lin:2003jy,
      author         = "Lin, Zi-wei and Molnar, Denes",
      title          = "{Quark coalescence and elliptic flow of charm hadrons}",
      journal        = "Phys. Rev.",
      volume         = "C68",
      year           = "2003",
      pages          = "044901",
      doi            = "10.1103/PhysRevC.68.044901",
      eprint         = "nucl-th/0304045",
      archivePrefix  = "arXiv",
      primaryClass   = "nucl-th",
      SLACcitation   = "%%CITATION = NUCL-TH/0304045;%%"
}

@article{Afanasiev:2007tv,
      author         = "Afanasiev, S. and others",
      title          = "{Elliptic flow for phi mesons and (anti)deuterons in Au +
                        Au collisions at s(NN)**(1/2) = 200-GeV}",
      collaboration  = "PHENIX",
      journal        = "Phys. Rev. Lett.",
      volume         = "99",
      year           = "2007",
      pages          = "052301",
      doi            = "10.1103/PhysRevLett.99.052301",
      eprint         = "nucl-ex/0703024",
      archivePrefix  = "arXiv",
      primaryClass   = "NUCL-EX",
      SLACcitation   = "%%CITATION = NUCL-EX/0703024;%%"
}


@article{Adams:2003am,
      author         = "Adams, John and others",
      title          = "{Particle type dependence of azimuthal anisotropy and
                        nuclear modification of particle production in Au + Au
                        collisions at s(NN)**(1/2) = 200-GeV}",
      collaboration  = "STAR",
      journal        = "Phys. Rev. Lett.",
      volume         = "92",
      year           = "2004",
      pages          = "052302",
      doi            = "10.1103/PhysRevLett.92.052302",
      eprint         = "nucl-ex/0306007",
      archivePrefix  = "arXiv",
      primaryClass   = "nucl-ex",
      SLACcitation   = "%%CITATION = NUCL-EX/0306007;%%"
}

@article{Adamczyk:2015fum,
      author         = "Adamczyk, L. and others",
      title          = "{Centrality dependence of identified particle elliptic
                        flow in relativistic heavy ion collisions at
                        $\sqrt{s_{NN}}$=7.7â€“62.4 GeV}",
      collaboration  = "STAR",
      journal        = "Phys. Rev.",
      volume         = "C93",
      year           = "2016",
      number         = "1",
      pages          = "014907",
      doi            = "10.1103/PhysRevC.93.014907",
      eprint         = "1509.08397",
      archivePrefix  = "arXiv",
      primaryClass   = "nucl-ex",
      SLACcitation   = "%%CITATION = ARXIV:1509.08397;%%"
}

@article{Armesto:2005iq,
      author         = "Armesto, Nestor and Dainese, Andrea and Salgado, Carlos
                        A. and Wiedemann, Urs Achim",
      title          = "{Testing the color charge and mass dependence of parton
                        energy loss with heavy-to-light ratios at RHIC and CERN
                        LHC}",
      journal        = "Phys. Rev.",
      volume         = "D71",
      year           = "2005",
      pages          = "054027",
      doi            = "10.1103/PhysRevD.71.054027",
      eprint         = "hep-ph/0501225",
      archivePrefix  = "arXiv",
      primaryClass   = "hep-ph",
      reportNumber   = "CERN-PH-TH-2005-008",
      SLACcitation   = "%%CITATION = HEP-PH/0501225;%%"
}


@article{Abelev:2014mda,
      author         = "Abelev, Betty Bezverkhny and others",
      title          = "{Multiparticle azimuthal correlations in p -Pb and Pb-Pb
                        collisions at the CERN Large Hadron Collider}",
      collaboration  = "ALICE",
      journal        = "Phys. Rev.",
      volume         = "C90",
      year           = "2014",
      number         = "5",
      pages          = "054901",
      doi            = "10.1103/PhysRevC.90.054901",
      eprint         = "1406.2474",
      archivePrefix  = "arXiv",
      primaryClass   = "nucl-ex",
      reportNumber   = "CERN-PH-EP-2014-105",
      SLACcitation   = "%%CITATION = ARXIV:1406.2474;%%"
}

@article{Aad:2014vba,
      author         = "Aad, Georges and others",
      title          = "{Measurement of flow harmonics with multi-particle
                        cumulants in Pb+Pb collisions at $\sqrt{s_{\mathrm
                        {NN}}}=2.76$  TeV with the ATLAS detector}",
      collaboration  = "ATLAS",
      journal        = "Eur. Phys. J.",
      volume         = "C74",
      year           = "2014",
      number         = "11",
      pages          = "3157",
      doi            = "10.1140/epjc/s10052-014-3157-z",
      eprint         = "1408.4342",
      archivePrefix  = "arXiv",
      primaryClass   = "hep-ex",
      reportNumber   = "CERN-PH-EP-2014-171",
      SLACcitation   = "%%CITATION = ARXIV:1408.4342;%%"
}


@article{Riek:2010fk,
      author         = "Riek, F. and Rapp, R.",
      title          = "{Quarkonia and Heavy-Quark Relaxation Times in the
                        Quark-Gluon Plasma}",
      journal        = "Phys. Rev.",
      volume         = "C82",
      year           = "2010",
      pages          = "035201",
      doi            = "10.1103/PhysRevC.82.035201",
      eprint         = "1005.0769",
      archivePrefix  = "arXiv",
      primaryClass   = "hep-ph",
      SLACcitation   = "%%CITATION = ARXIV:1005.0769;%%"
}

@article{Voloshin:1994mz,
      author         = "Voloshin, S. and Zhang, Y.",
      title          = "{Flow study in relativistic nuclear collisions by Fourier
                        expansion of Azimuthal particle distributions}",
      journal        = "Z. Phys.",
      volume         = "C70",
      year           = "1996",
      pages          = "665-672",
      doi            = "10.1007/s002880050141",
      eprint         = "hep-ph/9407282",
      archivePrefix  = "arXiv",
      primaryClass   = "hep-ph",
      SLACcitation   = "%%CITATION = HEP-PH/9407282;%%"
}

@incollection{Teaney:2009qa,
      author         = "Teaney, Derek A.",
      title          = "{Viscous Hydrodynamics and the Quark Gluon Plasma}",
      editor         = "Hwa, Rudolph C. and Wang, Xin-Nian",
      booktitle      = "Quark-gluon plasma 4",
      year           = "2010",
      pages          = "207-266",
      doi            = "10.1142/9789814293297_0004",
      eprint         = "0905.2433",
      archivePrefix  = "arXiv",
      primaryClass   = "nucl-th",
      SLACcitation   = "%%CITATION = ARXIV:0905.2433;%%",
      publisher= {QGP4}
}


@article{Aamodt:2008zz,
      author         = "Aamodt, K. and others",
      title          = "{The ALICE experiment at the CERN LHC}",
      collaboration  = "ALICE",
      journal        = "JINST",
      volume         = "3",
      year           = "2008",
      pages          = "S08002",
      doi            = "10.1088/1748-0221/3/08/S08002",
      SLACcitation   = "%%CITATION = JINST,3,S08002;%%"
}

@article{Acharya:2019hlv,
      author         = "Acharya, Shreyasi and others",
      title          = "{Measurement of $\Upsilon(1{\rm S})$ elliptic flow at
                        forward rapidity in Pb-Pb collisions at
                        $\sqrt{s_{\rm{NN}}}=5.02$ TeV}",
      collaboration  = "ALICE",
      journal        = "Phys. Rev. Lett.",
      volume         = "123",
      year           = "2019",
      number         = "19",
      pages          = "192301",
      doi            = "10.1103/PhysRevLett.123.192301",
      eprint         = "1907.03169",
      archivePrefix  = "arXiv",
      primaryClass   = "nucl-ex",
      reportNumber   = "CERN-EP-2019-144",
      SLACcitation   = "%%CITATION = ARXIV:1907.03169;%%"
}


@article{Abelev:2014ffa,
      author         = "Abelev, Betty and others",
      title          = "{Performance of the ALICE Experiment at the CERN LHC}",
      collaboration  = "ALICE",
      journal        = "Int. J. Mod. Phys.",
      volume         = "A29",
      year           = "2014",
      pages          = "1430044",
      doi            = "10.1142/S0217751X14300440",
      eprint         = "1402.4476",
      archivePrefix  = "arXiv",
      primaryClass   = "nucl-ex",
      reportNumber   = "CERN-PH-EP-2014-031",
      SLACcitation   = "%%CITATION = ARXIV:1402.4476;%%"
}

@article{Aamodt:2010aa,
      author         = "Aamodt, K and others",
      title          = "{Alignment of the ALICE Inner Tracking System with
                        cosmic-ray tracks}",
      collaboration  = "ALICE",
      journal        = "JINST",
      volume         = "5",
      year           = "2010",
      pages          = "P03003",
      doi            = "10.1088/1748-0221/5/03/P03003",
      eprint         = "1001.0502",
      archivePrefix  = "arXiv",
      primaryClass   = "physics.ins-det",
      SLACcitation   = "%%CITATION = ARXIV:1001.0502;%%"
}

@article{Adam:2015gka,
      author         = "Adam, Jaroslav and others",
      title          = "{Charged-particle multiplicities in proton-proton
                        collisions at $\sqrt{s} = 0.9$ to 8 TeV}",
      collaboration  = "ALICE",
      journal        = "Eur. Phys. J.",
      volume         = "C77",
      year           = "2017",
      number         = "1",
      pages          = "33",
      doi            = "10.1140/epjc/s10052-016-4571-1",
      eprint         = "1509.07541",
      archivePrefix  = "arXiv",
      primaryClass   = "nucl-ex",
      reportNumber   = "CERN-PH-EP-2015-259",
      SLACcitation   = "%%CITATION = ARXIV:1509.07541;%%"
}

@article{Abbas:2013taa,
      author         = "Abbas, E. and others",
      title          = "{Performance of the ALICE VZERO system}",
      collaboration  = "ALICE",
      journal        = "JINST",
      volume         = "8",
      year           = "2013",
      pages          = "P10016",
      doi            = "10.1088/1748-0221/8/10/P10016",
      eprint         = "1306.3130",
      archivePrefix  = "arXiv",
      primaryClass   = "nucl-ex",
      reportNumber   = "CERN-PH-EP-2013-082",
      SLACcitation   = "%%CITATION = ARXIV:1306.3130;%%"
}

@article{Adam:2015ptt,
      author         = "Adam, Jaroslav and others",
      title          = "{Centrality dependence of the charged-particle
                        multiplicity density at midrapidity in Pb-Pb collisions at
                        $\sqrt{s_{\rm NN}}$ = 5.02 TeV}",
      collaboration  = "ALICE",
      journal        = "Phys. Rev. Lett.",
      volume         = "116",
      year           = "2016",
      number         = "22",
      pages          = "222302",
      doi            = "10.1103/PhysRevLett.116.222302",
      eprint         = "1512.06104",
      archivePrefix  = "arXiv",
      primaryClass   = "nucl-ex",
      reportNumber   = "CERN-PH-EP-2015-324, ALICE-PUBLIC-2015-008",
      SLACcitation   = "%%CITATION = ARXIV:1512.06104;%%"
}

@article{Abelev:2013ila,
      author         = "Abelev, Betty Bezverkhny and others",
      title          = "{Centrality, rapidity and transverse momentum dependence
                        of $J/\psi$ suppression in Pb-Pb collisions at
                        $\sqrt{s_{\rm NN}}$=2.76 TeV}",
      collaboration  = "ALICE",
      journal        = "Phys. Lett.",
      volume         = "B734",
      year           = "2014",
      pages          = "314-327",
      doi            = "10.1016/j.physletb.2014.05.064",
      eprint         = "1311.0214",
      archivePrefix  = "arXiv",
      primaryClass   = "nucl-ex",
      reportNumber   = "CERN-PH-EP-2013-203",
      SLACcitation   = "%%CITATION = ARXIV:1311.0214;%%"
}


@article{Acharya:2018pjd,
      author         = "Acharya, Shreyasi and others",
      title          = "{Study of J/$\psi$ azimuthal anisotropy at forward
                        rapidity in Pb-Pb collisions at $
                        \sqrt{s_{\mathrm{NN}}}=5.02 $ TeV}",
      collaboration  = "ALICE",
      journal        = "JHEP",
      volume         = "02",
      year           = "2019",
      pages          = "012",
      doi            = "10.1007/JHEP02(2019)012",
      eprint         = "1811.12727",
      archivePrefix  = "arXiv",
      primaryClass   = "nucl-ex",
      reportNumber   = "CERN-EP-2018-319",
      SLACcitation   = "%%CITATION = ARXIV:1811.12727;%%"
}

@article{Acharya:2017tfn,
      author         = "Acharya, Shreyasi and others",
      title          = "{Search for collectivity with azimuthal J/$\psi$-hadron
                        correlations in high multiplicity p-Pb collisions at
                        $\sqrt{s_{\rm NN}}$ = 5.02 and 8.16 TeV}",
      collaboration  = "ALICE",
      journal        = "Phys. Lett.",
      volume         = "B780",
      year           = "2018",
      pages          = "7-20",
      doi            = "10.1016/j.physletb.2018.02.039",
      eprint         = "1709.06807",
      archivePrefix  = "arXiv",
      primaryClass   = "nucl-ex",
      reportNumber   = "CERN-EP-2017-245",
      SLACcitation   = "%%CITATION = ARXIV:1709.06807;%%"
}

@article{Adler:2002pu,
      author         = "Adler, C. and others",
      title          = "{Elliptic flow from two and four particle correlations in
                        Au+Au collisions at $\sqrt{s_{\rm NN}}$ = 130 GeV}",
      collaboration  = "STAR",
      journal        = "Phys. Rev.",
      volume         = "C66",
      year           = "2002",
      pages          = "034904",
      doi            = "10.1103/PhysRevC.66.034904",
      eprint         = "nucl-ex/0206001",
      archivePrefix  = "arXiv",
      primaryClass   = "nucl-ex",
      SLACcitation   = "%%CITATION = NUCL-EX/0206001;%%"
}

@article{Voloshin:2008dg,
      author         = "Voloshin, Sergei A. and Poskanzer, Arthur M. and
                        Snellings, Raimond",
      title          = "{Collective phenomena in non-central nuclear collisions}",
      journal        = "Landolt-Bornstein",
      volume         = "23",
      year           = "2010",
      pages          = "293-333",
      doi            = "10.1007/978-3-642-01539-7_10",
      eprint         = "0809.2949",
      archivePrefix  = "arXiv",
      primaryClass   = "nucl-ex",
      SLACcitation   = "%%CITATION = ARXIV:0809.2949;%%"
}

@article{Selyuzhenkov:2007zi,
      author         = "Selyuzhenkov, Ilya and Voloshin, Sergei",
      title          = "{Effects of non-uniform acceptance in anisotropic flow
                        measurement}",
      journal        = "Phys. Rev.",
      volume         = "C77",
      year           = "2008",
      pages          = "034904",
      doi            = "10.1103/PhysRevC.77.034904",
      eprint         = "0707.4672",
      archivePrefix  = "arXiv",
      primaryClass   = "nucl-th",
      SLACcitation   = "%%CITATION = ARXIV:0707.4672;%%"
}

@article{Sirunyan:2018kiz,
      author         = "Sirunyan, Albert M and others",
      title          = "{Observation of prompt J/$\psi$ meson elliptic flow in
                        high-multiplicity pPb collisions at $\sqrt{s_\mathrm{NN}}
                        =$ 8.16 TeV}",
      collaboration  = "CMS",
      journal        = "Phys. Lett.",
      volume         = "B791",
      year           = "2019",
      pages          = "172-194",
      doi            = "10.1016/j.physletb.2019.02.018",
      eprint         = "1810.01473",
      archivePrefix  = "arXiv",
      primaryClass   = "hep-ex",
      reportNumber   = "CMS-HIN-18-010, CERN-EP-2018-256",
      SLACcitation   = "%%CITATION = ARXIV:1810.01473;%%"
}

@inproceedings{Citron:2018lsq,
      author         = "Citron, Z. and others",
      title          = "{Future physics opportunities for high-density QCD at the
                        LHC with heavy-ion and proton beams}",
      booktitle      = "{HL/HE-LHC Workshop: Workshop on the Physics of HL-LHC,
                        and Perspectives at HE-LHC Geneva, Switzerland, June
                        18-20, 2018}",
      year           = "2018",
      eprint         = "1812.06772",
      archivePrefix  = "arXiv",
      primaryClass   = "hep-ph",
      reportNumber   = "CERN-LPCC-2018-07",
      SLACcitation   = "%%CITATION = ARXIV:1812.06772;%%"
}

@article{Acharya:2018bxo,
      author         = "Acharya, Shreyasi and others",
      title          = "{Event-shape engineering for the D-meson elliptic flow in
                        mid-central Pb-Pb collisions at $\sqrt{s_{\rm NN}} =5.02$
                        TeV}",
      collaboration  = "ALICE",
      journal        = "JHEP",
      volume         = "02",
      year           = "2019",
      pages          = "150",
      doi            = "10.1007/JHEP02(2019)150",
      eprint         = "1809.09371",
      archivePrefix  = "arXiv",
      primaryClass   = "nucl-ex",
      reportNumber   = "CERN-EP-2018-260",
      SLACcitation   = "%%CITATION = ARXIV:1809.09371;%%"
}

@article{Acharya:2017qps,
      author         = "Acharya, Shreyasi and others",
      title          = "{D-meson azimuthal anisotropy in midcentral Pb-Pb
                        collisions at $\sqrt{s_{\rm NN}}=5.02$ TeV}",
      collaboration  = "ALICE",
      journal        = "Phys. Rev. Lett.",
      volume         = "120",
      year           = "2018",
      number         = "10",
      pages          = "102301",
      doi            = "10.1103/PhysRevLett.120.102301",
      eprint         = "1707.01005",
      archivePrefix  = "arXiv",
      primaryClass   = "nucl-ex",
      reportNumber   = "CERN-EP-2017-153",
      SLACcitation   = "%%CITATION = ARXIV:1707.01005;%%"
}

@article{Adare:2006ns,
      author         = "Adare, A. and others",
      title          = "{$J/\psi$ Production vs Centrality, Transverse Momentum,
                        and Rapidity in Au+Au Collisions at $\sqrt{s_{NN}} = 200$
                        GeV}",
      collaboration  = "PHENIX",
      journal        = "Phys. Rev. Lett.",
      volume         = "98",
      year           = "2007",
      pages          = "232301",
      doi            = "10.1103/PhysRevLett.98.232301",
      eprint         = "nucl-ex/0611020",
      archivePrefix  = "arXiv",
      primaryClass   = "nucl-ex",
      SLACcitation   = "%%CITATION = NUCL-EX/0611020;%%"
}


@article{Scardina:2017ipo,
      author         = "Scardina, Francesco and Das, Santosh K. and Minissale,
                        Vincenzo and Plumari, Salvatore and Greco, Vincenzo",
      title          = "{Estimating the charm quark diffusion coefficient and
                        thermalization time from D meson spectra at energies
                        available at the BNL Relativistic Heavy Ion Collider and
                        the CERN Large Hadron Collider}",
      journal        = "Phys. Rev.",
      volume         = "C96",
      year           = "2017",
      number         = "4",
      pages          = "044905",
      doi            = "10.1103/PhysRevC.96.044905",
      eprint         = "1707.05452",
      archivePrefix  = "arXiv",
      primaryClass   = "nucl-th",
      SLACcitation   = "%%CITATION = ARXIV:1707.05452;%%"
}


@article{CMS:2012aa,
      author         = "Chatrchyan, Serguei and others",
      title          = "{Study of high-pT charged particle suppression in PbPb
                        compared to $pp$ collisions at $\sqrt{s_{NN}}=2.76$ TeV}",
      collaboration  = "CMS",
      journal        = "Eur. Phys. J.",
      volume         = "C72",
      year           = "2012",
      pages          = "1945",
      doi            = "10.1140/epjc/s10052-012-1945-x",
      eprint         = "1202.2554",
      archivePrefix  = "arXiv",
      primaryClass   = "nucl-ex",
      reportNumber   = "CMS-HIN-10-005, CERN-PH-EP-2012-043",
      SLACcitation   = "%%CITATION = ARXIV:1202.2554;%%"
}


@article{Giacalone:2016afq,
      author         = "Giacalone, Giuliano and Yan, Li and Noronha-Hostler,
                        Jacquelyn and Ollitrault, Jean-Yves",
      title          = "{Symmetric cumulants and event-plane correlations in Pb +
                        Pb collisions}",
      journal        = "Phys. Rev.",
      volume         = "C94",
      year           = "2016",
      number         = "1",
      pages          = "014906",
      doi            = "10.1103/PhysRevC.94.014906",
      eprint         = "1605.08303",
      archivePrefix  = "arXiv",
      primaryClass   = "nucl-th",
      reportNumber   = "SACLAY-T16-042",
      SLACcitation   = "%%CITATION = ARXIV:1605.08303;%%"
}


@article{Acharya:2017gsw,
      author         = "Acharya, Shreyasi and others",
      title          = "{Systematic studies of correlations between different
                        order flow harmonics in Pb-Pb collisions at $\sqrt{s_{\rm
                        NN}}$ = 2.76 TeV}",
      collaboration  = "ALICE",
      journal        = "Phys. Rev.",
      volume         = "C97",
      year           = "2018",
      number         = "2",
      pages          = "024906",
      doi            = "10.1103/PhysRevC.97.024906",
      eprint         = "1709.01127",
      archivePrefix  = "arXiv",
      primaryClass   = "nucl-ex",
      reportNumber   = "CERN-EP-2017-215",
      SLACcitation   = "%%CITATION = ARXIV:1709.01127;%%"
}


@article{Sirunyan:2017plt,
      author         = "Sirunyan, Albert M and others",
      title          = "{Measurement of prompt D$^0$ meson azimuthal anisotropy
                        in Pb-Pb collisions at $\sqrt{{s}_{NN}}$ = 5.02 TeV}",
      collaboration  = "CMS",
      journal        = "Phys. Rev. Lett.",
      volume         = "120",
      year           = "2018",
      number         = "20",
      pages          = "202301",
      doi            = "10.1103/PhysRevLett.120.202301",
      eprint         = "1708.03497",
      archivePrefix  = "arXiv",
      primaryClass   = "nucl-ex",
      reportNumber   = "CMS-HIN-16-007, CERN-EP-2017-174",
      SLACcitation   = "%%CITATION = ARXIV:1708.03497;%%"
}

@article{Du:2018wsj,
      author         = "Du, Xiaojian and Rapp, Ralf",
      title          = "{In-Medium Charmonium Production in Proton-Nucleus
                        Collisions}",
      journal        = "JHEP",
      volume         = "03",
      year           = "2019",
      pages          = "015",
      doi            = "10.1007/JHEP03(2019)015",
      eprint         = "1808.10014",
      archivePrefix  = "arXiv",
      primaryClass   = "nucl-th",
      SLACcitation   = "%%CITATION = ARXIV:1808.10014;%%"
}

@article{Zhang:2019dth,
      author         = "Zhang, Cheng and Marquet, Cyrille and Qin, Guang-You and
                        Wei, Shu-Yi and Xiao, Bo-Wen",
      title          = "{On the elliptic flow of heavy quarkonia in $pA$
                        collisions}",
      year           = "2019",
      eprint         = "1901.10320",
      archivePrefix  = "arXiv",
      primaryClass   = "hep-ph",
      SLACcitation   = "%%CITATION = ARXIV:1901.10320;%%"
}

@article{Andronic:2015wma,
      author         = "Andronic, A. and others",
      title          = "{Heavy-flavour and quarkonium production in the LHC era:
                        from proton-proton to heavy-ion collisions}",
      journal        = "Eur. Phys. J.",
      volume         = "C76",
      year           = "2016",
      number         = "3",
      pages          = "107",
      doi            = "10.1140/epjc/s10052-015-3819-5",
      eprint         = "1506.03981",
      archivePrefix  = "arXiv",
      primaryClass   = "nucl-ex",
      SLACcitation   = "%%CITATION = ARXIV:1506.03981;%%"
}

@article{BraunMunzinger:2000px,
      author         = "Braun-Munzinger, P. and Stachel, J.",
      title          = "{(Non)thermal aspects of charmonium production and a new
                        look at J/$\psi$ suppression}",
      journal        = "Phys. Lett.",
      volume         = "B490",
      year           = "2000",
      pages          = "196-202",
      doi            = "10.1016/S0370-2693(00)00991-6",
      eprint         = "nucl-th/0007059",
      archivePrefix  = "arXiv",
      primaryClass   = "nucl-th",
      SLACcitation   = "%%CITATION = NUCL-TH/0007059;%%"
}

@article{Du:2015wha,
      author         = "Du, Xiaojian and Rapp, Ralf",
      title          = "{Sequential Regeneration of Charmonia in Heavy-Ion
                        Collisions}",
      journal        = "Nucl. Phys.",
      volume         = "A943",
      year           = "2015",
      pages          = "147-158",
      doi            = "10.1016/j.nuclphysa.2015.09.006",
      eprint         = "1504.00670",
      archivePrefix  = "arXiv",
      primaryClass   = "hep-ph",
      SLACcitation   = "%%CITATION = ARXIV:1504.00670;%%"
}

@article{Acharya:2017tgv,
      author         = "Acharya, Shreyasi and others",
      title          = "{J/$\psi$ elliptic flow in Pb-Pb collisions at
                        $\sqrt{s_\mathrm{NN}}=5.02$ TeV}",
      collaboration  = "ALICE",
      journal        = "Phys. Rev. Lett.",
      volume         = "119",
      year           = "2017",
      number         = "24",
      pages          = "242301",
      doi            = "10.1103/PhysRevLett.119.242301",
      eprint         = "1709.05260",
      archivePrefix  = "arXiv",
      primaryClass   = "nucl-ex",
      reportNumber   = "CERN-EP-2017-237",
      SLACcitation   = "%%CITATION = ARXIV:1709.05260;%%"
}

@article{He:2014cla,
      author         = "He, Min and Fries, Rainer J. and Rapp, Ralf",
      title          = "{Heavy Flavor at the Large Hadron Collider in a Strong
                        Coupling Approach}",
      journal        = "Phys. Lett.",
      volume         = "B735",
      year           = "2014",
      pages          = "445-450",
      doi            = "10.1016/j.physletb.2014.05.050",
      eprint         = "1401.3817",
      archivePrefix  = "arXiv",
      primaryClass   = "nucl-th",
      SLACcitation   = "%%CITATION = ARXIV:1401.3817;%%"
}

@article{Andronic:2012dm,
      author         = "Andronic, A. and Braun-Munzinger, P. and Redlich, K. and
                        Stachel, J.",
      title          = "{The statistical model in Pb-Pb collisions at the LHC}",
      booktitle      = "{Proceedings, 23rd International Conference on
                        Ultrarelativistic Nucleus-Nucleus Collisions : Quark
                        Matter 2012 (QM 2012): Washington, DC, USA, August 13-18,
                        2012}",
      journal        = "Nucl. Phys.",
      volume         = "A904-905",
      year           = "2013",
      pages          = "535c-538c",
      doi            = "10.1016/j.nuclphysa.2013.02.070",
      eprint         = "1210.7724",
      archivePrefix  = "arXiv",
      primaryClass   = "nucl-th",
      SLACcitation   = "%%CITATION = ARXIV:1210.7724;%%"
}

@article{Alme:2010ke,
      author         = "Alme, J. and others",
      title          = "{The ALICE TPC, a large 3-dimensional tracking device
                        with fast readout for ultra-high multiplicity events}",
      journal        = "Nucl. Instrum. Meth.",
      volume         = "A622",
      year           = "2010",
      pages          = "316-367",
      doi            = "10.1016/j.nima.2010.04.042",
      eprint         = "1001.1950",
      archivePrefix  = "arXiv",
      primaryClass   = "physics.ins-det",
      SLACcitation   = "%%CITATION = ARXIV:1001.1950;%%"
}

@article{Andronic:2018vqh,
      author         = "Andronic, A. and Braun-Munzinger, P. and Koehler, M. K.
                        and Stachel, J.",
      title          = "{Testing charm quark thermalisation within the
                        Statistical Hadronisation Model}",
      booktitle      = "{Proceedings, 27th International Conference on
                        Ultrarelativistic Nucleus-Nucleus Collisions (Quark Matter
                        2018): Venice, Italy, May 14-19, 2018}",
      journal        = "Nucl. Phys.",
      volume         = "A982",
      year           = "2019",
      pages          = "759-762",
      doi            = "10.1016/j.nuclphysa.2018.09.004",
      eprint         = "1807.01236",
      archivePrefix  = "arXiv",
      primaryClass   = "nucl-th",
      SLACcitation   = "%%CITATION = ARXIV:1807.01236;%%"
}

@article{Du:2017qkv,
      author         = "Du, Xiaojian and Rapp, Ralf and He, Min",
      title          = "{Color Screening and Regeneration of Bottomonia in
                        High-Energy Heavy-Ion Collisions}",
      journal        = "Phys. Rev.",
      volume         = "C96",
      year           = "2017",
      number         = "5",
      pages          = "054901",
      doi            = "10.1103/PhysRevC.96.054901",
      eprint         = "1706.08670",
      archivePrefix  = "arXiv",
      primaryClass   = "hep-ph",
      SLACcitation   = "%%CITATION = ARXIV:1706.08670;%%"
}

@article{Acharya:2018ihu,
      author         = "Acharya, S. and others",
      title          = "{Anisotropic flow in Xe-Xe collisions at
                        $\mathbf{\sqrt{s_{\rm{NN}}} = 5.44}$ TeV}",
      collaboration  = "ALICE",
      journal        = "Phys. Lett.",
      volume         = "B784",
      year           = "2018",
      pages          = "82-95",
      doi            = "10.1016/j.physletb.2018.06.059",
      eprint         = "1805.01832",
      archivePrefix  = "arXiv",
      primaryClass   = "nucl-ex",
      reportNumber   = "CERN-EP-2018-090",
      SLACcitation   = "%%CITATION = ARXIV:1805.01832;%%"
}

@article{Fries:2008hs,
      author         = "Fries, Rainer J. and Greco, Vincenzo and Sorensen, Paul",
      title          = "{Coalescence Models For Hadron Formation From Quark Gluon
                        Plasma}",
      journal        = "Ann. Rev. Nucl. Part. Sci.",
      volume         = "58",
      year           = "2008",
      pages          = "177-205",
      doi            = "10.1146/annurev.nucl.58.110707.171134",
      eprint         = "0807.4939",
      archivePrefix  = "arXiv",
      primaryClass   = "nucl-th",
      SLACcitation   = "%%CITATION = ARXIV:0807.4939;%%"
}

@article{Acharya:2017hjh,
      author         = "Acharya, Shreyasi and others",
      title          = "{Energy dependence of forward-rapidity $\mathrm {J}/\psi
                        $ and $\psi \mathrm {(2S)}$ production in pp collisions at
                        the LHC}",
      collaboration  = "ALICE",
      journal        = "Eur. Phys. J.",
      volume         = "C77",
      year           = "2017",
      number         = "6",
      pages          = "392",
      doi            = "10.1140/epjc/s10052-017-4940-4",
      eprint         = "1702.00557",
      archivePrefix  = "arXiv",
      primaryClass   = "hep-ex",
      reportNumber   = "CERN-EP-2017-015",
      SLACcitation   = "%%CITATION = ARXIV:1702.00557;%%"
}

@article{Acharya:2018lmh,
      author         = "Acharya, S. and others",
      title          = "{Energy dependence and fluctuations of anisotropic flow
                        in Pb-Pb collisions at $ \sqrt{s_{\mathrm{NN}}}=5.02 $ and
                        2.76 TeV}",
      collaboration  = "ALICE",
      journal        = "JHEP",
      volume         = "07",
      year           = "2018",
      pages          = "103",
      doi            = "10.1007/JHEP07(2018)103",
      eprint         = "1804.02944",
      archivePrefix  = "arXiv",
      primaryClass   = "nucl-ex",
      reportNumber   = "CERN-EP-2018-057",
      SLACcitation   = "%%CITATION = ARXIV:1804.02944;%%"
}


@article{Acharya:2018zuq,
      author         = "Acharya, S. and others",
      title          = "{Anisotropic flow of identified particles in Pb-Pb
                        collisions at $ {\sqrt{s}}_{\mathrm{NN}}=5.02 $ TeV}",
      collaboration  = "ALICE",
      journal        = "JHEP",
      volume         = "09",
      year           = "2018",
      pages          = "006",
      doi            = "10.1007/JHEP09(2018)006",
      eprint         = "1805.04390",
      archivePrefix  = "arXiv",
      primaryClass   = "nucl-ex",
      reportNumber   = "CERN-EP-2018-103",
      SLACcitation   = "%%CITATION = ARXIV:1805.04390;%%"
}


@article{Bhaduri:2018iwr,
      author         = "Bhaduri, Partha Pratim and Borghini, Nicolas and Jaiswal,
                        Amaresh and Strickland, Michael",
      title          = "{Anisotropic escape mechanism and elliptic flow of
                        bottomonia}",
      year           = "2018",
      eprint         = "1809.06235",
      archivePrefix  = "arXiv",
      primaryClass   = "hep-ph",
      SLACcitation   = "%%CITATION = ARXIV:1809.06235;%%"
}

@techreport{ALICE-PUBLIC-2015-006,
      author        = "Adam, J and others",
      title         = "{Quarkonium signal extraction in ALICE}",
      collaboration = "ALICE",
      institution   = "CERN",
      year          = "2015",
      reportNumber  = "ALICE-PUBLIC-2015-006",
      url           = "http://cds.cern.ch/record/2060096",
}

@article{Acharya:2018mni,
      author         = "Acharya, Shreyasi and others",
      title          = "{$\Upsilon$ suppression at forward rapidity in Pb-Pb
                        collisions at $\sqrt{s_{\rm NN}}$ = 5.02 TeV}",
      collaboration  = "ALICE",
      journal        = "Phys. Lett.",
      volume         = "B790",
      year           = "2019",
      pages          = "89-101",
      doi            = "10.1016/j.physletb.2018.11.067",
      eprint         = "1805.04387",
      archivePrefix  = "arXiv",
      primaryClass   = "nucl-ex",
      reportNumber   = "CERN-EP-2018-114",
      SLACcitation   = "%%CITATION = ARXIV:1805.04387;%%"
}

@article{Brambilla:2010cs,
      author         = "Brambilla, N. and others",
      title          = "{Heavy quarkonium: progress, puzzles, and opportunities}",
      journal        = "Eur. Phys. J.",
      volume         = "C71",
      year           = "2011",
      pages          = "1534",
      doi            = "10.1140/epjc/s10052-010-1534-9",
      eprint         = "1010.5827",
      archivePrefix  = "arXiv",
      primaryClass   = "hep-ph",
      reportNumber   = "SLAC-R-996, TUM-EFT-11-10, CLNS-10-2066,
                        ANL-HEP-PR-10-44, ALBERTA-THY-11-10, CP3-10-37,
                        FZJ-IKP-TH-2010-24, INT-PUB-10-059, JLAB-THY-11-1308,
                        FERMILAB-PUB-10-737-T",
      SLACcitation   = "%%CITATION = ARXIV:1010.5827;%%"
}

@article{Digal:2001ue,
      author         = "Digal, S. and Petreczky, P. and Satz, H.",
      title          = "{Quarkonium feed down and sequential suppression}",
      journal        = "Phys. Rev.",
      volume         = "D64",
      year           = "2001",
      pages          = "094015",
      doi            = "10.1103/PhysRevD.64.094015",
      eprint         = "hep-ph/0106017",
      archivePrefix  = "arXiv",
      primaryClass   = "hep-ph",
      reportNumber   = "BI-TP-2001-09",
      SLACcitation   = "%%CITATION = HEP-PH/0106017;%%"
}

@article{Gardim:2011xv,
      author         = "Gardim, Fernando G. and Grassi, Frederique and Luzum,
                        Matthew and Ollitrault, Jean-Yves",
      title          = "{Mapping the hydrodynamic response to the initial
                        geometry in heavy-ion collisions}",
      journal        = "Phys. Rev.",
      volume         = "C85",
      year           = "2012",
      pages          = "024908",
      doi            = "10.1103/PhysRevC.85.024908",
      eprint         = "1111.6538",
      archivePrefix  = "arXiv",
      primaryClass   = "nucl-th",
      SLACcitation   = "%%CITATION = ARXIV:1111.6538;%%"
}

@article{Qiu:2011iv,
      author         = "Qiu, Zhi and Heinz, Ulrich W.",
      title          = "{Event-by-event shape and flow fluctuations of
                        relativistic heavy-ion collision fireballs}",
      journal        = "Phys. Rev.",
      volume         = "C84",
      year           = "2011",
      pages          = "024911",
      doi            = "10.1103/PhysRevC.84.024911",
      eprint         = "1104.0650",
      archivePrefix  = "arXiv",
      primaryClass   = "nucl-th",
      SLACcitation   = "%%CITATION = ARXIV:1104.0650;%%"
}

@article{ALICE:2013xna,
      author         = "Abbas, Ehab and others",
      title          = "{J/$\psi$ Elliptic Flow in Pb-Pb Collisions at $\sqrt{s_{\rm
                        NN}}$ = 2.76 TeV}",
      collaboration  = "ALICE",
      journal        = "Phys. Rev. Lett.",
      volume         = "111",
      year           = "2013",
      pages          = "162301",
      doi            = "10.1103/PhysRevLett.111.162301",
      eprint         = "1303.5880",
      archivePrefix  = "arXiv",
      primaryClass   = "nucl-ex",
      reportNumber   = "CERN-PH-EP-2013-042",
      SLACcitation   = "%%CITATION = ARXIV:1303.5880;%%"
}

@article{Kajimoto:2017rel,
      author         = "Kajimoto, Shiori and Akamatsu, Yukinao and Asakawa,
                        Masayuki and Rothkopf, Alexander",
      title          = "{Dynamical dissociation of quarkonia by wave function
                        decoherence}",
      journal        = "Phys. Rev.",
      volume         = "D97",
      year           = "2018",
      number         = "1",
      pages          = "014003",
      doi            = "10.1103/PhysRevD.97.014003",
      eprint         = "1705.03365",
      archivePrefix  = "arXiv",
      primaryClass   = "nucl-th",
      reportNumber   = "PHYS.-REV.-D-97, 014003-(2018)",
      SLACcitation   = "%%CITATION = ARXIV:1705.03365;%%"
}


@article{Rothkopf:2019ipj,
      author         = "Rothkopf, Alexander",
      title          = "{Heavy Quarkonium in Extreme Conditions}",
      year           = "2019",
      eprint         = "1912.02253",
      archivePrefix  = "arXiv",
      primaryClass   = "hep-ph",
      SLACcitation   = "%%CITATION = ARXIV:1912.02253;%%"
}


@article{Matsui:1986dk,
	Author = {Matsui, T. and Satz, H.},
	Doi = {10.1016/0370-2693(86)91404-8},
	Journal = {Phys. Lett.},
	Pages = {416-422},
	Reportnumber = {BNL-38344},
	Slaccitation = {%%CITATION = PHLTA,B178,416;%%},
	Title = {{$J/\psi$ Suppression by Quark-Gluon Plasma Formation}},
	Volume = {B178},
	Year = {1986},
	Bdsk-Url-1 = {http://dx.doi.org/10.1016/0370-2693(86)91404-8}
	}

@article{Mocsy:2013syh,
      author         = "Mocsy, Agnes and Petreczky, Peter and Strickland,
                        Michael",
      title          = "{Quarkonia in the Quark Gluon Plasma}",
      journal        = "Int. J. Mod. Phys.",
      volume         = "A28",
      year           = "2013",
      pages          = "1340012",
      doi            = "10.1142/S0217751X13400125",
      eprint         = "1302.2180",
      archivePrefix  = "arXiv",
      primaryClass   = "hep-ph",
      SLACcitation   = "%%CITATION = ARXIV:1302.2180;%%"
}

@techreport{Dellacasa:1999kf,
      author         = "Dellacasa, G. and others",
      title          = "{ALICE technical design report of the inner tracking
                        system (ITS)}",
      collaboration  = "ALICE",
      institution    = "CERN",
      year           = "1999",
      reportNumber   = "CERN-LHCC-99-12",
      url            = "https://cds.cern.ch/record/391175",
      SLACcitation   = "%%CITATION = CERN-LHCC-99-12;%%"
}

@article{Abelev:2013qoq,
      author         = "Abelev, Betty and others",
      title          = "{Centrality determination of Pb-Pb collisions at
                        $\sqrt{s_{NN}}$ = 2.76 TeV with ALICE}",
      collaboration  = "ALICE",
      journal        = "Phys. Rev.",
      volume         = "C88",
      year           = "2013",
      number         = "4",
      pages          = "044909",
      doi            = "10.1103/PhysRevC.88.044909",
      eprint         = "1301.4361",
      archivePrefix  = "arXiv",
      primaryClass   = "nucl-ex",
      reportNumber   = "CERN-PH-EP-2012-368",
      SLACcitation   = "%%CITATION = ARXIV:1301.4361;%%"
}


@article{Adam:2015isa,
      author         = "Adam, Jaroslav and others",
      title          = "{Differential studies of inclusive J/$\psi$ and $\psi(2S)$
                        production at forward rapidity in Pb-Pb collisions at $
                        \sqrt{s_{\mathrm{NN}}}=2.76 $ TeV}",
      collaboration  = "ALICE",
      journal        = "JHEP",
      volume         = "05",
      year           = "2016",
      pages          = "179",
      doi            = "10.1007/JHEP05(2016)179",
      eprint         = "1506.08804",
      archivePrefix  = "arXiv",
      primaryClass   = "nucl-ex",
      reportNumber   = "CERN-PH-EP-2015-157",
      SLACcitation   = "%%CITATION = ARXIV:1506.08804;%%"
}


@article{Aamodt:2011gj,
      author         = "Aamodt, K. and others",
      title          = "{Rapidity and transverse momentum dependence of inclusive
                        J$/\psi$ production in $pp$ collisions at $\sqrt{s} = 7$
                        TeV}",
      collaboration  = "ALICE",
      journal        = "Phys. Lett.",
      volume         = "B704",
      year           = "2011",
      pages          = "442-455",
      doi            = "10.1016/j.physletb.2011.09.054,
                        10.1016/j.physletb.2012.10.060",
      note           = "[Erratum: Phys. Lett.B718,692(2012)]",
      eprint         = "1105.0380",
      archivePrefix  = "arXiv",
      primaryClass   = "hep-ex",
      reportNumber   = "CERN-PH-EP-2011-057",
      SLACcitation   = "%%CITATION = ARXIV:1105.0380;%%"
}

@techreport{Dellacasa:1999ke,
      author         = "Dellacasa, G. and others",
      title          = "{ALICE technical design report of the zero degree
                        calorimeter (ZDC)}",
      collaboration  = "ALICE",
      institution    = "CERN",
      year           = "1999",
      reportNumber   = "CERN-LHCC-99-05",
      url            = "https://cds.cern.ch/record/381433",
      SLACcitation   = "%%CITATION = CERN-LHCC-99-05;%%"
}

@article{Barrette:1994xr,
      author         = "Barrette, J. and others",
      title          = "{Observation of anisotropic event shapes and transverse
                        flow in Au + Au collisions at AGS energy}",
      collaboration  = "E877",
      journal        = "Phys. Rev. Lett.",
      volume         = "73",
      year           = "1994",
      pages          = "2532-2535",
      doi            = "10.1103/PhysRevLett.73.2532",
      eprint         = "hep-ex/9405003",
      archivePrefix  = "arXiv",
      primaryClass   = "hep-ex",
      reportNumber   = "SUNY-RHI-94-08",
      SLACcitation   = "%%CITATION = HEP-EX/9405003;%%"
}

@inproceedings{Blobel:2002ax,
      author         = "Blobel, Volker and Kleinwort, Claus",
      title          = "{A New method for the high precision alignment of track
                        detectors}",
      booktitle      = "{Advanced Statistical Techniques in Particle Physics.
                        Proceedings, Conference, Durham, UK, March 18-22, 2002}",
      year           = "2002",
      pages          = "",
      eprint         = "hep-ex/0208021",
      archivePrefix  = "arXiv",
      primaryClass   = "hep-ex",
      reportNumber   = "DESY-02-077",
      SLACcitation   = "%%CITATION = HEP-EX/0208021;%%"
}

@article{Borghini:2004ra,
      author         = "Borghini, N. and Ollitrault, J. Y.",
      title          = "{Azimuthally sensitive correlations in nucleus-nucleus
                        collisions}",
      journal        = "Phys. Rev.",
      volume         = "C70",
      year           = "2004",
      pages          = "064905",
      doi            = "10.1103/PhysRevC.70.064905",
      eprint         = "nucl-th/0407041",
      archivePrefix  = "arXiv",
      primaryClass   = "nucl-th",
      reportNumber   = "SACLAY-T04-099",
      SLACcitation   = "%%CITATION = NUCL-TH/0407041;%%"
}

@article{Abelev:2012rv,
      author         = "Abelev, Betty and others",
      title          = "{$J/\psi$ suppression at forward rapidity in Pb-Pb
                        collisions at $\sqrt{s_{NN}}=2.76$ TeV}",
      collaboration  = "ALICE",
      journal        = "Phys. Rev. Lett.",
      volume         = "109",
      year           = "2012",
      pages          = "072301",
      doi            = "10.1103/PhysRevLett.109.072301",
      eprint         = "1202.1383",
      archivePrefix  = "arXiv",
      primaryClass   = "hep-ex",
      reportNumber   = "CERN-PH-EP-2012-012",
      SLACcitation   = "%%CITATION = ARXIV:1202.1383;%%"
}

@article{Adam:2016rdg,
      author         = "Adam, Jaroslav and others",
      title          = "{J/$\psi$ suppression at forward rapidity in Pb-Pb
                        collisions at $\mathbf{\sqrt{s_{{\rm NN}}} = 5.02}$ TeV}",
      collaboration  = "ALICE",
      journal        = "Phys. Lett.",
      volume         = "B766",
      year           = "2017",
      pages          = "212-224",
      doi            = "10.1016/j.physletb.2016.12.064",
      eprint         = "1606.08197",
      archivePrefix  = "arXiv",
      primaryClass   = "nucl-ex",
      reportNumber   = "CERN-EP-2016-162",
      SLACcitation   = "%%CITATION = ARXIV:1606.08197;%%"
}

@article{Zhou:2014kka,
      author         = "Zhou, Kai and Xu, Nu and Xu, Zhe and Zhuang, Pengfei",
      title          = "{Medium effects on charmonium production at
                        ultrarelativistic energies available at the CERN Large
                        Hadron Collider}",
      journal        = "Phys. Rev.",
      volume         = "C89",
      year           = "2014",
      number         = "5",
      pages          = "054911",
      doi            = "10.1103/PhysRevC.89.054911",
      eprint         = "1401.5845",
      archivePrefix  = "arXiv",
      primaryClass   = "nucl-th",
      SLACcitation   = "%%CITATION = ARXIV:1401.5845;%%"
}

@article{Alver:2010gr,
      author         = "Alver, B. and Roland, G.",
      title          = "{Collision geometry fluctuations and triangular flow in
                        heavy-ion collisions}",
      journal        = "Phys. Rev.",
      volume         = "C81",
      year           = "2010",
      pages          = "054905",
      doi            = "10.1103/PhysRevC.82.039903, 10.1103/PhysRevC.81.054905",
      note           = "[Erratum: Phys. Rev.C82,039903(2010)]",
      eprint         = "1003.0194",
      archivePrefix  = "arXiv",
      primaryClass   = "nucl-th",
      SLACcitation   = "%%CITATION = ARXIV:1003.0194;%%"
}

@article{Betz:2016ayq,
      author         = "Betz, Barbara and Gyulassy, Miklos and Luzum, Matthew and
                        Noronha, Jorge and Noronha-Hostler, Jacquelyn and
                        Portillo, Israel and Ratti, Claudia",
      title          = "{Cumulants and nonlinear response of high $p_T$ harmonic
                        flow at $\sqrt{s_{NN}}=5.02$ TeV}",
      journal        = "Phys. Rev.",
      volume         = "C95",
      year           = "2017",
      number         = "4",
      pages          = "044901",
      doi            = "10.1103/PhysRevC.95.044901",
      eprint         = "1609.05171",
      archivePrefix  = "arXiv",
      primaryClass   = "nucl-th",
      SLACcitation   = "%%CITATION = ARXIV:1609.05171;%%"
}

@article{Romatschke:2009im,
      author         = "Romatschke, Paul",
      title          = "{New Developments in Relativistic Viscous Hydrodynamics}",
      journal        = "Int. J. Mod. Phys.",
      volume         = "E19",
      year           = "2010",
      pages          = "1-53",
      doi            = "10.1142/S0218301310014613",
      eprint         = "0902.3663",
      archivePrefix  = "arXiv",
      primaryClass   = "hep-ph",
      reportNumber   = "INT-PUB-09-010",
      SLACcitation   = "%%CITATION = ARXIV:0902.3663;%%"
}


@article{Teaney:2010vd,
      author         = "Teaney, Derek and Yan, Li",
      title          = "{Triangularity and Dipole Asymmetry in Heavy Ion
                        Collisions}",
      journal        = "Phys. Rev.",
      volume         = "C83",
      year           = "2011",
      pages          = "064904",
      doi            = "10.1103/PhysRevC.83.064904",
      eprint         = "1010.1876",
      archivePrefix  = "arXiv",
      primaryClass   = "nucl-th",
      SLACcitation   = "%%CITATION = ARXIV:1010.1876;%%"
}


@article{Luzum:2008cw,
      author         = "Luzum, Matthew and Romatschke, Paul",
      title          = "{Conformal Relativistic Viscous Hydrodynamics:
                        Applications to RHIC results at $\mathbf{\sqrt{s_{{\rm NN}}} = 200}$ GeV}",
      journal        = "Phys. Rev.",
      volume         = "C78",
      year           = "2008",
      pages          = "034915",
      doi            = "10.1103/PhysRevC.78.034915, 10.1103/PhysRevC.79.039903",
      note           = "[Erratum: Phys. Rev.C79,039903(2009)]",
      eprint         = "0804.4015",
      archivePrefix  = "arXiv",
      primaryClass   = "nucl-th",
      reportNumber   = "INT-08-07, NT-UW-08-10",
      SLACcitation   = "%%CITATION = ARXIV:0804.4015;%%"
}

@article{Abelev:2014nua,
      author         = "Abelev, Betty Bezverkhny and others",
      title          = "{Suppression of $\Upsilon (1S)$ at forward rapidity in
                        Pb-Pb collisions at $\sqrt{s_{\rm NN}} = 2.76$ TeV}",
      collaboration  = "ALICE",
      journal        = "Phys. Lett.",
      volume         = "B738",
      year           = "2014",
      pages          = "361-372",
      doi            = "10.1016/j.physletb.2014.10.001",
      eprint         = "1405.4493",
      archivePrefix  = "arXiv",
      primaryClass   = "nucl-ex",
      reportNumber   = "CERN-PH-EP-2014-103, ALICE-PUBLIC-2014-001",
      SLACcitation   = "%%CITATION = ARXIV:1405.4493;%%"
}

@article{Chatrchyan:2012lxa,
      author         = "Chatrchyan, Serguei and others",
      title          = "{Observation of sequential Upsilon suppression in PbPb
                        collisions}",
      collaboration  = "CMS",
      journal        = "Phys. Rev. Lett.",
      volume         = "109",
      year           = "2012",
      pages          = "222301",
      doi            = "10.1103/PhysRevLett.109.222301,
                        10.1103/PhysRevLett.120.199903",
      note           = "[Erratum: Phys. Rev. Lett.120,no.19,199903(2018)]",
      eprint         = "1208.2826",
      archivePrefix  = "arXiv",
      primaryClass   = "nucl-ex",
      reportNumber   = "CMS-HIN-11-011, CERN-PH-EP-2012-228",
      SLACcitation   = "%%CITATION = ARXIV:1208.2826;%%"
}

@article{Khachatryan:2016xxp,
      author         = "Khachatryan, Vardan and others",
      title          = "{Suppression of $\Upsilon(1S), \Upsilon(2S)$ and
                        $\Upsilon(3S)$ production in PbPb collisions at
                        $\sqrt{s_{\rm NN}}$ = 2.76 TeV}",
      collaboration  = "CMS",
      journal        = "Phys. Lett.",
      volume         = "B770",
      year           = "2017",
      pages          = "357-379",
      doi            = "10.1016/j.physletb.2017.04.031",
      eprint         = "1611.01510",
      archivePrefix  = "arXiv",
      primaryClass   = "nucl-ex",
      reportNumber   = "CMS-HIN-15-001, CERN-EP-2016-248",
      SLACcitation   = "%%CITATION = ARXIV:1611.01510;%%"
}

@article{ATLAS:2012at,
      author         = "Aad, Georges and others",
      title          = "{Measurement of the azimuthal anisotropy for charged
                        particle production in $\sqrt{s_{NN}}=2.76$ TeV lead-lead
                        collisions with the ATLAS detector}",
      collaboration  = "ATLAS",
      journal        = "Phys. Rev.",
      volume         = "C86",
      year           = "2012",
      pages          = "014907",
      doi            = "10.1103/PhysRevC.86.014907",
      eprint         = "1203.3087",
      archivePrefix  = "arXiv",
      primaryClass   = "hep-ex",
      reportNumber   = "CERN-PH-EP-2012-035",
      SLACcitation   = "%%CITATION = ARXIV:1203.3087;%%"
}

@article{Adams:2003zg,
      author         = "Adams, J. and others",
      title          = "{Azimuthal anisotropy at RHIC: The First and fourth
                        harmonics}",
      collaboration  = "STAR",
      journal        = "Phys. Rev. Lett.",
      volume         = "92",
      year           = "2004",
      pages          = "062301",
      doi            = "10.1103/PhysRevLett.92.062301",
      eprint         = "nucl-ex/0310029",
      archivePrefix  = "arXiv",
      primaryClass   = "nucl-ex",
      SLACcitation   = "%%CITATION = NUCL-EX/0310029;%%"
}

@article{Adare:2010ux,
      author         = "Adare, A. and others",
      title          = "{Elliptic and hexadecapole flow of charged hadrons in
                        Au+Au collisions at $\sqrt{s_{NN}}=200$ GeV}",
      collaboration  = "PHENIX",
      journal        = "Phys. Rev. Lett.",
      volume         = "105",
      year           = "2010",
      pages          = "062301",
      doi            = "10.1103/PhysRevLett.105.062301",
      eprint         = "1003.5586",
      archivePrefix  = "arXiv",
      primaryClass   = "nucl-ex",
      SLACcitation   = "%%CITATION = ARXIV:1003.5586;%%"
}

@article{Aad:2014fla,
      author         = "Aad, Georges and others",
      title          = "{Measurement of event-plane correlations in
                        $\sqrt{s_{NN}}=2.76$ TeV lead-lead collisions with the
                        ATLAS detector}",
      collaboration  = "ATLAS",
      journal        = "Phys. Rev.",
      volume         = "C90",
      year           = "2014",
      number         = "2",
      pages          = "024905",
      doi            = "10.1103/PhysRevC.90.024905",
      eprint         = "1403.0489",
      archivePrefix  = "arXiv",
      primaryClass   = "hep-ex",
      reportNumber   = "CERN-PH-EP-2014-021",
      SLACcitation   = "%%CITATION = ARXIV:1403.0489;%%"
}

@article{Aaboud:2018ttm,
      author         = "Aaboud, Morad and others",
      title          = "{Prompt and non-prompt $J/\psi $ elliptic flow in Pb+Pb
                        collisions at $\sqrt{s_{_\text {NN}}} = 5.02$ Tev with the
                        ATLAS detector}",
      collaboration  = "ATLAS",
      journal        = "Eur. Phys. J.",
      volume         = "C78",
      year           = "2018",
      number         = "9",
      pages          = "784",
      doi            = "10.1140/epjc/s10052-018-6243-9",
      eprint         = "1807.05198",
      archivePrefix  = "arXiv",
      primaryClass   = "nucl-ex",
      reportNumber   = "CERN-EP-2018-170",
      SLACcitation   = "%%CITATION = ARXIV:1807.05198;%%"
}

@article{Adamczyk:2012pw,
      author         = "Adamczyk, L. and others",
      title          = "{Measurement of J/$\psi$ Azimuthal Anisotropy in Au+Au
                        Collisions at $\sqrt{s_{NN}}$ = 200 GeV}",
      collaboration  = "STAR",
      journal        = "Phys. Rev. Lett.",
      volume         = "111",
      year           = "2013",
      number         = "5",
      pages          = "052301",
      doi            = "10.1103/PhysRevLett.111.052301",
      eprint         = "1212.3304",
      archivePrefix  = "arXiv",
      primaryClass   = "nucl-ex",
      SLACcitation   = "%%CITATION = ARXIV:1212.3304;%%"
}

@techreport{ALICE-PUBLIC-2019-001,
      author        = "Acharya, Shreyasi and others",
      title         = "{ALICE upgrade physics performance studies for 2018 Report
                       on HL/HE-LHC physics}",
      collaboration = "ALICE",
      institution   = "CERN",
      month         = "Feb",
      year          = "2019",
      reportNumber  = "ALICE-PUBLIC-2019-001",
      url           = "http://cds.cern.ch/record/2661798",
}

@article{Kovtun:2004de,
      author         = "Kovtun, P. and Son, Dan T. and Starinets, Andrei O.",
      title          = "{Viscosity in strongly interacting quantum field theories
                        from black hole physics}",
      journal        = "Phys. Rev. Lett.",
      volume         = "94",
      year           = "2005",
      pages          = "111601",
      doi            = "10.1103/PhysRevLett.94.111601",
      eprint         = "hep-th/0405231",
      archivePrefix  = "arXiv",
      primaryClass   = "hep-th",
      reportNumber   = "INT-PUB-04-09, UW-PT-04-04",
      SLACcitation   = "%%CITATION = HEP-TH/0405231;%%"
}

@article{Braun-Munzinger:2015hba,
      author         = "Braun-Munzinger, Peter and Koch, Volker and Schaefer,
                        Thomas and Stachel, Johanna",
      title          = "{Properties of hot and dense matter from relativistic
                        heavy ion collisions}",
      journal        = "Phys. Rept.",
      volume         = "621",
      year           = "2016",
      pages          = "76-126",
      doi            = "10.1016/j.physrep.2015.12.003",
      eprint         = "1510.00442",
      archivePrefix  = "arXiv",
      primaryClass   = "nucl-th",
      SLACcitation   = "%%CITATION = ARXIV:1510.00442;%%"
}

@article{Sirunyan:2017igb,
      author         = "Sirunyan, Albert M and others",
      title          = "{Pseudorapidity and transverse momentum dependence of
                        flow harmonics in pPb and PbPb collisions}",
      collaboration  = "CMS",
      journal        = "Phys. Rev.",
      volume         = "C98",
      year           = "2018",
      number         = "4",
      pages          = "044902",
      doi            = "10.1103/PhysRevC.98.044902",
      eprint         = "1710.07864",
      archivePrefix  = "arXiv",
      primaryClass   = "nucl-ex",
      reportNumber   = "CMS-HIN-15-008, CERN-EP-2017-218",
      SLACcitation   = "%%CITATION = ARXIV:1710.07864;%%"
}

@article{Adam:2016ddh,
      author         = "Adam, Jaroslav and others",
      title          = "{Centrality dependence of the pseudorapidity density
                        distribution for charged particles in Pb-Pb collisions at
                        $\sqrt{s_{\rm NN}}=5.02$ TeV}",
      collaboration  = "ALICE",
      journal        = "Phys. Lett.",
      volume         = "B772",
      year           = "2017",
      pages          = "567-577",
      doi            = "10.1016/j.physletb.2017.07.017",
      eprint         = "1612.08966",
      archivePrefix  = "arXiv",
      primaryClass   = "nucl-ex",
      reportNumber   = "CERN-EP-2016-327",
      SLACcitation   = "%%CITATION = ARXIV:1612.08966;%%"
}

@article{ALICE:2012aa,
    author = "Abelev, Betty and others",
    archivePrefix = "arXiv",
    collaboration = "ALICE",
    doi = "10.1103/PhysRevLett.109.252302",
    eprint = "1203.2436",
    journal = "Phys.Rev.Lett.",
    pages = "252302",
    primaryClass = "nucl-ex",
    reportNumber = "CERN-PH-EP-2012-065",
    title = "Measurement of the Cross Section for Electromagnetic Dissociation with Neutron Emission in Pb-Pb Collisions at $\sqrt{s\_{NN}}$ = 2.76 TeV",
    volume = "109",
    year = "2012"
}

@article{Tanabashi:2018oca,
      author         = "Tanabashi, M. and others",
      title          = "{Review of Particle Physics}",
      collaboration  = "Particle Data Group",
      journal        = "Phys. Rev.",
      volume         = "D98",
      year           = "2018",
      number         = "3",
      pages          = "030001",
      doi            = "10.1103/PhysRevD.98.030001",
      SLACcitation   = "%%CITATION = PHRVA,D98,030001;%%"
}

@article{Adams:2005zg,
      author         = "Adams, J. and others",
      title          = "{Multi-strange baryon elliptic flow in Au + Au collisions
                        at s(NN)**(1/2) = 200-GeV}",
      collaboration  = "STAR",
      journal        = "Phys. Rev. Lett.",
      volume         = "95",
      year           = "2005",
      pages          = "122301",
      doi            = "10.1103/PhysRevLett.95.122301",
      eprint         = "nucl-ex/0504022",
      archivePrefix  = "arXiv",
      primaryClass   = "nucl-ex",
      SLACcitation   = "%%CITATION = NUCL-EX/0504022;%%"
}

@article{Adams:2004bi,
      author         = "Adams, J. and others",
      title          = "{Azimuthal anisotropy in Au+Au collisions at s(NN)**(1/2)
                        = 200-GeV}",
      collaboration  = "STAR",
      journal        = "Phys. Rev.",
      volume         = "C72",
      year           = "2005",
      pages          = "014904",
      doi            = "10.1103/PhysRevC.72.014904",
      eprint         = "nucl-ex/0409033",
      archivePrefix  = "arXiv",
      primaryClass   = "nucl-ex",
      SLACcitation   = "%%CITATION = NUCL-EX/0409033;%%"
}
@article{Zheng:2016iia,
      author         = "Zheng, Liang and Li, Hui and Qin, Hong and Shou, Qi-Ye
                        and Yin, Zhong-Bao",
      title          = "{Investigating the NCQ scaling of elliptic flow at LHC
                        with a multiphase transport model}",
      journal        = "Eur. Phys. J.",
      volume         = "A53",
      year           = "2017",
      number         = "6",
      pages          = "124",
      doi            = "10.1140/epja/i2017-12312-8",
      eprint         = "1611.05185",
      archivePrefix  = "arXiv",
      primaryClass   = "nucl-th",
      SLACcitation   = "%%CITATION = ARXIV:1611.05185;%%"
}

@article{Singha:2016aim,
      author         = "Singha, Subhash and Nasim, Md.",
      title          = "{Scaling of elliptic flow in heavy-ion collisions with
                        the number of constituent quarks in a transport model}",
      journal        = "Phys. Rev.",
      volume         = "C93",
      year           = "2016",
      number         = "3",
      pages          = "034908",
      doi            = "10.1103/PhysRevC.93.034908",
      eprint         = "1603.01220",
      archivePrefix  = "arXiv",
      primaryClass   = "nucl-ex",
      SLACcitation   = "%%CITATION = ARXIV:1603.01220;%%"
}

@article{Molnar:2003ff,
      author         = "Molnar, Denes and Voloshin, Sergei A.",
      title          = "{Elliptic flow at large transverse momenta from quark
                        coalescence}",
      journal        = "Phys. Rev. Lett.",
      volume         = "91",
      year           = "2003",
      pages          = "092301",
      doi            = "10.1103/PhysRevLett.91.092301",
      eprint         = "nucl-th/0302014",
      archivePrefix  = "arXiv",
      primaryClass   = "nucl-th",
      SLACcitation   = "%%CITATION = NUCL-TH/0302014;%%"
}